@misc{MeltdownPOC,
    author= {Pavel Boldin},
    year  = {2018},
    title = {Meltdown Exploit PoC},
    note  = {\url{https://github.com/paboldin/meltdown-exploit}, 
             Last accessed on 2019-10-11},
}
@misc{linuxsrc,
    author= {Linus Torvalds},
    year  = {2019},
    title = {init/version.c},
    note  = {\url{https://github.com/torvalds/linux/blob/master/init/version.c#L50-L53},
             Last accessed on 2019-10-11},
}
@misc{BranchpredictionSO,
    author= {{GManNickG}},
    year  = {2012},
    title = {Why is processing a sorted array faster than processing an unsorted array?},
    note  = {\url{https://web.archive.org/web/20191007030548/https://stackoverflow.com/q/11227809}, 
             Last accessed on 2019-10-07},
}
@article{kocher2018spectre,
  title={Spectre attacks: Exploiting speculative execution},
  author={Kocher, Paul and Genkin, Daniel and Gruss, Daniel and Haas, Werner and Hamburg, Mike and Lipp, Moritz and Mangard, Stefan and Prescher, Thomas and Schwarz, Michael and Yarom, Yuval},
  journal={arXiv preprint arXiv:1801.01203},
  year={2018}
}
@article{lipp2018meltdown,
  title={Meltdown},
  author={Lipp, Moritz and Schwarz, Michael and Gruss, Daniel and Prescher, Thomas and Haas, Werner and Mangard, Stefan and Kocher, Paul and Genkin, Daniel and Yarom, Yuval and Hamburg, Mike},
  journal={arXiv preprint arXiv:1801.01207},
  year={2018}
}
@article{low2018overview,
  title={Overview of Meltdown and Spectre patches and their impacts},
  author={L{\"o}w, Marc},
  journal={Advanced Microkernel Operating Systems},
  pages={53},
  year={2018}
}
@inproceedings{jang2016breaking,
  title={Breaking kernel address space layout randomization with intel tsx},
  author={Jang, Yeongjin and Lee, Sangho and Kim, Taesoo},
  booktitle={Proceedings of the 2016 ACM SIGSAC Conference on Computer and Communications Security},
  pages={380--392},
  year={2016},
  organization={ACM}
}
